@online{Python,
  title = {python},
  url = {https://www.python.org}
}

@online{PythonPoetry,
  title = {poetry},
  url = {https://python-poetry.org/}
}

@online{IntentionPackage,
  title = {Intention package},
  url = {https://github.com/CrossNox/7574-TP1/blob/master/metrics_server/protocol.py#L31}
}
